@article{TaskSchedulingReview,
  author   = {Manjot Kaur Bhatia},
  title    = "Task Scheduling in Grid Computing: A Review",
  journal  = "Advances in Computational Sciences and Technology",
  year     = 2017,
  volume   = "10",
  number   = "6",
  pages    = "1707-1714",
}

@article{SchedulingInGridComputing,
author = {Kollati, Vijaya},
year = {2020},
month = {04},
pages = {},
title = {Scheduling in Grid Computing}
}

@INPROCEEDINGS{4144613,
  author={Squicciarini, Anna Cinzia and Bertino, Elisa and Goasguen, Sebastien},
  booktitle={11th IEEE International Workshop on Future Trends of Distributed Computing Systems (FTDCS'07)}, 
  title={Access Control Strategies for Virtualized Environments in Grid Computing Systems}, 
  year={2007},
  pages={48-54},
  doi={10.1109/FTDCS.2007.10}}

@article{IBM,
   author = {IBM and Bart Jacob and Michael Brown and Kentaro Fukui and Nihar Trivedi},
   title = "Introduction to Grid Computing",
   year = {2005},
   url = "https://citeseerx.ist.psu.edu/document?repid=rep1&type=pdf&doi=1c088d3943bb08998335aed2518438b71021d428"
}


@online{data_ref,
   author = {Søren Lauesen},
   title = "data - lex.dk",
   year = {2012},
   url = "https://denstoredanske.lex.dk/data",
   note = "Accessed: 06/03/2023"
}

@online{big_data_oracle,
   author = {Oracle},
   title = "What is Big Data? - oracle.com",
   url = "https://www.oracle.com/big-data/what-is-big-data/",
   note = "Accessed: 06/03/2023"
}

@online{scaling_geeks,
   author = {GeeksforGeeks},
   title = "Overview of Scaling: Vertical And Horizontal Scaling",
   url = "https://www.geeksforgeeks.org/system-design-horizontal-and-vertical-scaling/",
   note = "Accessed: 06/03/2023"
}

@online{AWS_grid_computing,
   author = {Amazon Web Services},
   title = "What is grid computing?",
   url = "https://aws.amazon.com/what-is/grid-computing/",
   note = "Accessed: 06/03/2023"
}

@online{Systems_geeks,
   author = {Parikshit Hooda},
   title = "Comparison – Centralized, Decentralized and Distributed Systems",
   url = "https://www.geeksforgeeks.org/comparison-centralized-decentralized-and-distributed-systems/",
   note = "Accessed: 06/03/2023"
}

 @article{dabrowski_2009, 
 title={Reliability in grid computing systems}, 
 volume={21}, DOI={10.1002/cpe.1410}, number={8}, 
 journal={Concurrency and Computation: Practice and Experience}, 
 author={Dabrowski, Christopher}, 
 year={2009}, pages={927–959}} 
 
 @article{gupta_chandra_goldszmidt_2001,
 title={On scalable and efficient distributed failure detectors}, 
 DOI={10.1145/383962.384010}, journal={Proceedings of the twentieth annual ACM symposium on Principles of distributed computing}, 
 author={Gupta, Indranil and Chandra, Tushar D. and Goldszmidt, Germán S.}, year={2001}} 

  @misc{upadhyay_2021, title={Replication: Handling node failure}, url={https://distributed-computing-musings.com/2021/12/replication-handling-node-failure/}, journal={Distributed Computing Musings}, author={Upadhyay, Varun}, year={2021}, month={Dec}} 

@online{detecting_malicious_manipulation,
   author = {Felipe Martins, M´arcio Maia, Rossana M. de Castro Andrade},
   title = "Detecting Malicious Manipulation in Grid Environments",
   url = "https://www.academia.edu/6723856/Detecting_Malicious_Manipulation_in_Grid_Environments",
   note = "Accessed: 09/03/2023"
}

@online{why_do_hackers_hack,
   author = {Branden Necula},
   title = "Why do hackers hack?",
   url = "https://compuvision.biz/connections/why-do-hackers-hack/",
   note = "Accessed: 09/03/2023"
}

@online{simplilearn_big_challenges,
   author = {simplilearn},
   title = "Challenges of Big Data: Basic Concepts, Case Study, and More",
   url = "https://www.simplilearn.com/challenges-of-big-data-article",
   note = "Accessed: 09/03/2023"
}

@misc{Behnam1330,
    author = {Moris Behnam},
    title = {Hierarchical Real-Time Scheduling and Synchronization},
    number = {94},
    month = {October},
    year = {2008},
    url = {http://www.es.mdh.se/publications/1330-}
}

@online{grid_workflow_validation,
    author = {Jinjun Chen, Yun Yang},
    title ="Key Research Issues in Grid Workflow Verification and Validation",
    url= "https://citeseerx.ist.psu.edu/document?repid=rep1&type=pdf&doi=802c98d73357a2d6cae24143afbc54a5f6d8f03f",
}

@online{Verification_of_grid_workflows,
    author = {P. Kurdel, Jolana Sebestyenova},
    title ="Verification of grid workflows",
    url= "https://www.researchgate.net/publication/234829638_Verification_of_grid_workflows",
}

@online{Gridcomputing_image,
    author = {Dinesh Thakur},
    title ="What is Grid Computing – Definition",
    url= "https://ecomputernotes.com/fundamental/introduction-to-computer/grid-computing",
}
 @article{abhang_2012, 
 title={Grid Computing: Various Job Scheduling Strategies}, 
 journal={IJCA}, 
 author={Abhang Swati Ashok and Durole Pankaj Har}, 
 year={2012}
 }

 @online{Algorithm_sorts_stanford,
    author = {Rashmi Raj},
    title ="Analysis of Algorithms",
    url= "http://www-cs-students.stanford.edu/~rashmi/projects/Sorting",
}

@article{Charpentier_2017,
doi = {10.1088/1742-6596/898/8/082011},
url = {https://dx.doi.org/10.1088/1742-6596/898/8/082011},
year = {2017},
month = {oct},
publisher = {IOP Publishing},
volume = {898},
number = {8},
pages = {082011},
author = {P Charpentier},
title = {Benchmarking worker nodes using LHCb productions and comparing with HEPSpec06},
journal = {Journal of Physics: Conference Series},
}


 @online{Quicksort_explained_1_point,
    author = {Harshil Patel},
    title ="An Overview of QuickSort Algorithm",
    url= "https://towardsdatascience.com/an-overview-of-quicksort-algorithm-b9144e314a72",
}


 @online{Quick_Quicksort_explanation_2_point,
    author = {Karuna Sehgal},
    title ="A Quick Explanation of Quick Sort",
    url= "https://medium.com/karuna-sehgal/a-quick-explanation-of-quick-sort-7d8e2563629b",
}

 @online{In-place_guide,
    author = {baeldung},
    title ="Guide to In-Place Sorting",
    url= "https://www.baeldung.com/java-in-place-sorting#:~:text=The%20in%2Dplace%20algorithms%20are,the%20input%20with%20the%20output.",
}

 @online{better-sqlite3,
    author = {Joshua Wise},
    title ="better-sqlite3",
    url= "https://github.com/WiseLibs/better-sqlite3",
    note = "Accessed: 09/05/2023"
}

@online{Quicksort_better_answer,
   author = {Konrad Rudolph},
   title = "Why is quicksort better than mergesort?",
   url = "https://stackoverflow.com/a/70631",
   note = "Accessed: 10/05/2023"
}

@online{JWT,
    author = {Auth0 Team},
    title ="JWT documentation",
    url= "https://auth0.com/docs/secure/tokens/json-web-tokens",
    note = "Accessed: 09/05/2023"
}

@book{Introduction_to_algorithms,
   title =     {Introduction to Algorithms, third edition},
   author =    {Thomas H. Cormen; Charles E. Leiserson; Ronald L. Rivest; Clifford Stein},
   publisher = {MIT Press},
   year =      {2009},
   series =    {},
   edition =   {3},
   volume =    {},
}

@online{hoare-partition,
    author = {opengenus},
    title ="Hoare Partition [explained]",
    url= "https://iq.opengenus.org/hoare-partition/",
    note = "Accessed: 12/05/2023"
}

@online{AvaSource,
    author={Mark Wubben and Sindre Sorhus},
    title = {Ava},
    publisher = {GitHub},
    journal = {GitHub Repository},
    url = "https://github.com/avajs/ava"
}

@article{Mengistu2019,
author = {Mengistu, Tessema and Che, Dunren},
year = {2019},
month = {04},
pages = {},
title = {Survey and Taxonomy of Volunteer Computing},
volume = {52},
journal = {ACM Computing Surveys},
doi = {10.1145/3320073}
}

@online{SQLInjectionsBettersqlite3,
    author={Joshua Wise},
    title = {Is there a test against SQL injection attacks by the Statement class's methods?},
    publisher = {GitHub},
    journal = {GitHub Issue},
    url = "https://github.com/WiseLibs/better-sqlite3/issues/720"
}

@online{HTTPSadvantage,
    author={Mishal Roomi},
    title = {6 Advantages and Disadvantages of HTTPS | Drawbacks & Benefits of HTTPS},
    url = "https://www.hitechwhizz.com/2020/08/6-advantages-and-disadvantages-drawbacks-benefits-of-https.html"
}